<record><leader>00000cas a2200000 a 4500</leader><controlfield tag="001">4049666</controlfield><controlfield tag="008">780713c19279999inumr ne      0   c0mac c</controlfield><controlfield tag="009">1149</controlfield><datafield ind1=" " ind2=" " tag="010"><subfield code="a">sn 78000762 </subfield></datafield><datafield ind1=" " ind2=" " tag="040"><subfield code="a">HUL</subfield><subfield code="b">eng</subfield><subfield code="c">HUL</subfield><subfield code="d">NSD</subfield><subfield code="d">IUL</subfield><subfield code="d">OCL</subfield><subfield code="d">DLC</subfield><subfield code="d">NPI</subfield><subfield code="d">YOX</subfield><subfield code="d">NST</subfield><subfield code="d">DLC</subfield><subfield code="d">IUL</subfield><subfield code="d">DLC</subfield><subfield code="d">OCLCQ</subfield><subfield code="d">IUL</subfield><subfield code="d">OCLCF</subfield></datafield><datafield ind1=" " ind2=" " tag="066"><subfield code="c">(N</subfield></datafield><datafield ind1=" " ind2=" " tag="012"><subfield code="i">8509</subfield><subfield code="k">1</subfield><subfield code="m">1</subfield></datafield><datafield ind1=" " ind2=" " tag="019"><subfield code="a">9201584</subfield></datafield><datafield ind1="1" ind2=" " tag="022"><subfield code="a">0024-9009</subfield><subfield code="l">0024-9009</subfield><subfield code="2">1</subfield></datafield><datafield ind1="1" ind2=" " tag="029"><subfield code="a">AU@</subfield><subfield code="b">000020291108</subfield></datafield><datafield ind1="1" ind2=" " tag="029"><subfield code="a">ZWZ</subfield><subfield code="b">038747022</subfield></datafield><datafield ind1=" " ind2=" " tag="032"><subfield code="a">323920</subfield><subfield code="b">USPS</subfield></datafield><datafield ind1="0" ind2=" " tag="041"><subfield code="a">mac</subfield><subfield code="a">eng</subfield></datafield><datafield ind1=" " ind2=" " tag="042"><subfield code="a">nsdp</subfield><subfield code="a">pcc</subfield></datafield><datafield ind1=" " ind2=" " tag="043"><subfield code="a">ed-----</subfield><subfield code="a">n-us---</subfield></datafield><datafield ind1="0" ind2="0" tag="050"><subfield code="a">Newspaper</subfield></datafield><datafield ind1=" " ind2=" " tag="090"><subfield code="a">DR701.M13</subfield><subfield code="b">M315</subfield></datafield><datafield ind1=" " ind2="0" tag="222"><subfield code="a">Makedonska tribuna</subfield></datafield><datafield ind1="0" ind2="0" tag="245"><subfield code="6">880-01</subfield><subfield code="a">Makedonska tribuna.</subfield></datafield><datafield ind1="1" ind2=" " tag="246"><subfield code="i">Issues for 1939- have also title in English:</subfield><subfield code="a">Macedonian tribune</subfield></datafield><datafield ind1=" " ind2=" " tag="260"><subfield code="a">Indianapolis, Ind. :</subfield><subfield code="b">Union of the Macedonian Political Organizations of the United States and Canada,</subfield><subfield code="c">1927-</subfield></datafield><datafield ind1=" " ind2=" " tag="310"><subfield code="a">Monthly,</subfield><subfield code="b">Jan. 15, 1998-</subfield></datafield><datafield ind1=" " ind2=" " tag="321"><subfield code="a">Weekly (except first &amp; second weeks after Labor Day),</subfield><subfield code="b">1927-Nov. 10, 1983</subfield></datafield><datafield ind1=" " ind2=" " tag="321"><subfield code="a">Biweekly,</subfield><subfield code="b">Nov. 17, 1983-Dec. 25, 1997</subfield></datafield><datafield ind1="0" ind2=" " tag="362"><subfield code="a">Vol. 1, no. 1 (Phebr. 10, 1927)-</subfield></datafield><datafield ind1=" " ind2=" " tag="500"><subfield code="a">Published: Fort Wayne, Nov. 17, 1983-</subfield></datafield><datafield ind1=" " ind2=" " tag="530"><subfield code="a">Also issued on microfilm by the Library of Congress, Photoduplication Service.</subfield></datafield><datafield ind1=" " ind2=" " tag="546"><subfield code="a">In Macedonian and English.</subfield></datafield><datafield ind1=" " ind2=" " tag="550"><subfield code="a">Organ of: the Union of the Macedonian Political Organizations of the United States and Canada.</subfield></datafield><datafield ind1=" " ind2=" " tag="588"><subfield code="a">Latest issue consulted: Vol. 72, no. 3272 (Dec. 17, 1998).</subfield></datafield><datafield ind1=" " ind2="0" tag="650"><subfield code="a">Macedonians</subfield><subfield code="z">United States</subfield><subfield code="v">Newspapers.</subfield></datafield><datafield ind1=" " ind2="0" tag="650"><subfield code="a">Macedonians</subfield><subfield code="z">Canada</subfield><subfield code="v">Newspapers.</subfield></datafield><datafield ind1=" " ind2="7" tag="655"><subfield code="a">Newspapers.</subfield><subfield code="2">fast</subfield><subfield code="0">(OCoLC)fst01423814</subfield></datafield><datafield ind1=" " ind2="7" tag="650"><subfield code="a">Macedonians.</subfield><subfield code="2">fast</subfield><subfield code="0">(OCoLC)fst01004739</subfield></datafield><datafield ind1=" " ind2="7" tag="651"><subfield code="a">Canada.</subfield><subfield code="2">fast</subfield><subfield code="0">(OCoLC)fst01204310</subfield></datafield><datafield ind1=" " ind2="7" tag="651"><subfield code="a">United States.</subfield><subfield code="2">fast</subfield><subfield code="0">(OCoLC)fst01204155</subfield></datafield><datafield ind1="2" ind2=" " tag="710"><subfield code="a">Macedonian Patriotic Organization.</subfield><subfield code="b">Central Committee.</subfield></datafield><datafield ind1="2" ind2=" " tag="710"><subfield code="a">Macedono-Bulgarian Orthodox Churches of the U.S.A. and Canada.</subfield></datafield><datafield ind1=" " ind2=" " tag="752"><subfield code="a">United States</subfield><subfield code="b">Indiana</subfield><subfield code="c">Marion</subfield><subfield code="d">Indianapolis.</subfield></datafield><datafield ind1=" " ind2=" " tag="752"><subfield code="a">United States</subfield><subfield code="b">Indiana</subfield><subfield code="c">Allen</subfield><subfield code="d">Fort Wayne.</subfield></datafield><datafield ind1=" " ind2=" " tag="850"><subfield code="a">InU</subfield><subfield code="a">KU-S</subfield></datafield><datafield ind1="0" ind2="0" tag="880"><subfield code="6">245-01/(N</subfield><subfield code="a">&#1052;&#1072;&#1082;&#1077;&#1076;&#1086;&#1085;&#1089;&#1082;&#1072; &#1090;&#1088;&#1080;&#1073;&#1091;&#1085;&#1072;.</subfield></datafield></record>